@article{ipbus,
    author = "Ghabrous Larrea, C. and Harder, K. and Newbold, D. and Sankey, D. and Rose, A. and Thea, A. and Williams, T.",
    doi = "10.1088/1748-0221/10/02/C02019",
    journal = "JINST",
    number = "02",
    pages = "C02019",
    title = "{IPbus: a flexible Ethernet-based control system for xTCA hardware}",
    volume = "10",
    year = "2015"
}

@misc{secure_sync_datasheet,
  author = {{Orolia}},
  title = {{SecureSync Datasheet}},
  howpublished = {\url{{https://www.orolia.com/documents/securesync-datasheet}}},
  note = {Accessed: 2020-03-17}
}

@misc{secure_sync_modules,
  author = {{Orolia}},
  title = {{Option Module Cards for SecureSync Datasheet}},
  howpublished = {\url{{https://www.orolia.com/documents/option-module-cards-securesync-datasheet}}},
  note = {Accessed: 2020-03-17}
}

@misc{irig,
  author = {{Telecommunication and timing group, Range Commanders Council}},
  title = {{IRIG serial time code formats}},
  howpublished = {\url{{https://www.wsmr.army.mil/RCCsite/Documents/200-16_IRIG_Serial_Time_Code_Formats/200-16_IRIG_Serial_Time_Code_Formats.pdf}}},
  note = {Accessed: 2020-03-17}
}

@misc{wr_ohwr,
  author = {{The White Rabbit Project}},
  title = {{White Rabbit}},
  howpublished = {\url{https://www.ohwr.org/project/white-rabbit/wikis/home}},
  note = {Accessed: 2020-03-17}
}

@misc{ieee_1588_2008,
    author = {{Institute of Electrical and Electronics Engineers}},
    title = {{IEEE Standard for a Precision Clock Synchronization Protocol for Networked Measurement and Control Systems}},
    howpublished = {\url{https://ieeexplore.ieee.org/document/4579760}},
}

@misc{amc_ohwr,
  author = {{Brazilian Synchrotron Light Laboratory and Warsaw University of Technology}},
  title = {{AMC FMC Carrier (AFC)}},
  howpublished = {\url{https://www.ohwr.org/project/afc/wikis/home}},
  note = {Accessed: 2020-03-17}
}

@misc{dts_sp_requirements,
    author    = {J. Brooke and D. Cussans and S. Paramesvaran and S. Trilov},
    title     = "DUNE Timing System-Single Phase Requirements",
    note = {EDMS doc XXXXXXXX},
    url       = "EDMS_link"
}

@misc{dts_sp_protocol,
    author    = {J. Brooke and D. Cussans and D. Newbold and S. Paramesvaran and S. Trilov},
    title     = "DUNE Timing System-Single Phase Protocol and Endpoint Interface",
    note = {EDMS 2209895 v.2},
    url       = "https://edms.cern.ch/edmsui/document/2209895/2"
}

@misc{dts_sp_firmware,
    author    = {J. Brooke and D. Cussans and S. Paramesvaran and S. Trilov},
    title     = "DUNE Timing System-Single Phase Firmware",
    note = {EDMS 2209895 v.2},
    url       = "https://edms.cern.ch/edmsui/document/2209895/2"
}

@misc{dts_sp_software,
    author    = {J. Brooke and D. Cussans and S. Paramesvaran and S. Trilov},
    title     = "DUNE Timing System-Single Phase Software",
    note = {EDMS 2209895 v.2},
    url       = "https://edms.cern.ch/edmsui/document/2209895/2"
}

@misc{2210.15517,
Author = {A. Barcock and D. Cussans and D. Lindebaum and D. Newbold and S. Paramesvaran and S. Trilov},
Title = {Timing and Synchronization of the DUNE Neutrino Detector},
Year = {2022},
Eprint = {arXiv:2210.15517},
}

@misc{ref:dts_high_level_protocol,
    author    = {D. Newbold},
    title     = "DTS Control Packet Format and Access",
    note = {EDMS 2209895 v.3},
    url       = "https://edms.cern.ch/file/2209895/3/DTS_control_packet_format_and_access.docx"
}


@misc{ref:dts_endpoint_interface  ,
    author    = {D. Newbold},
    title     = "DTS Endpoint v2 Firmware Interface",
    note = {EDMS 2209895 v.3},
    url       = "https://edms.cern.ch/file/2209895/3/DTS_Endpoint_v2_Firmware_Interface.docx"
}

